@misc{bartholdi2001parabolic,
      title={On Parabolic Subgroups and Hecke Algebras of Some Fractal Groups}, 
      author={Laurent Bartholdi and Rostislav I. Grigorchuk},
      year={2001},
      eprint={math/9911206},
      archivePrefix={arXiv},
      primaryClass={math.GR}
}
@misc{didomenico2021pbasilica,
      title={$p$-Basilica groups}, 
      author={Elena Di Domenico and Gustavo A. Fernández-Alcober and Marialaura Noce and Anitha Thillaisundaram},
      year={2021},
      eprint={2105.12443},
      archivePrefix={arXiv},
      primaryClass={math.GR}
}
@misc{Grig_Sperical,
      title={Некоторые вопросы динамики групповых действий на корне- вых деревьях}, 
      author={ Р. И. Григорчук},
      year={2010},
      publisher = Труды МИАН, 2011, том 273, 72–191,
      url = {https://www.mathnet.ru/rus/tm3283}
}
@article{Bartholdi_2009,
   title={On growth and torsion of groups},
   volume={3},
   ISSN={1661-7215},
   url={http://dx.doi.org/10.4171/GGD/68},
   DOI={10.4171/ggd/68},
   number={4},
   journal={Groups, Geometry, and Dynamics},
   publisher={European Mathematical Society - EMS - Publishing House GmbH},
   author={Bartholdi, Laurent and Pochon, Floriane},
   year={2009},
   month=dec, pages={525–539} }
@misc{didomenico2022ggsgroups,
      title={GGS-groups over primary trees: Branch structures}, 
      author={Elena Di Domenico and Gustavo A. Fernández-Alcober and Norberto Gavioli},
      year={2022},
      eprint={2202.09896},
      archivePrefix={arXiv},
      primaryClass={math.GR}
}   