@book{alekseev,
  author = {Алексеев В. Б},
  year = {2001},
  title = {Теорема Абеля в задачах и решениях},
  publisher = {М.: МЦНМО},
  edition = {1},
  url = {https://old.mccme.ru/free-books/pdf/alekseev.pdf}
}
